@inproceedings{liu2021interference,
  author  = {Wenjia Liu and Xiaolin Hou and Lan Chen and Yuki Hokazono and Jinming Zhao},
  booktitle = {},
  title   = {Interference Coordination Method for Integrated HAPS-Terrestrial Networks},
  eventtitle = {2022 IEEE 95th Vehicular Technology Conference (VTC2022-Spring)},
  year = {2022}
}

@inproceedings{spacecompass,
  author  = {Yoshihisa Kishiyama},
  booktitle = {},
  title   = {HAPS Strategy of Space Compass},
  eventtitle = {},
  year = {2022}
}

@inproceedings{towers,
  author  = {GSMA},
  booktitle = {},
  title   = {High Altitude Platform Systems: Towers in the Skies},
  eventtitle = {},
  year = {2021}
}
